<record><leader>00000cas a2200000 a 4500</leader><controlfield tag="001">4747649</controlfield><controlfield tag="008">790315d19752005nyuer ne      0    0jpn c</controlfield><datafield ind1=" " ind2=" " tag="010"><subfield code="a">sn 93062941 </subfield></datafield><datafield ind1=" " ind2=" " tag="040"><subfield code="a">CUF</subfield><subfield code="b">eng</subfield><subfield code="c">CUF</subfield><subfield code="d">YOX</subfield><subfield code="d">DLC</subfield><subfield code="d">NYS</subfield><subfield code="d">IUL</subfield><subfield code="d">NYS</subfield><subfield code="d">IUL</subfield><subfield code="d">WAU</subfield><subfield code="d">OCLCQ</subfield><subfield code="d">MBB</subfield><subfield code="d">OCLCQ</subfield><subfield code="d">OCLCF</subfield><subfield code="d">OCLCO</subfield><subfield code="d">OCL</subfield><subfield code="d">OCLCO</subfield></datafield><datafield ind1=" " ind2=" " tag="066"><subfield code="c">$1</subfield></datafield><datafield ind1=" " ind2=" " tag="032"><subfield code="a">33415</subfield><subfield code="b">USPS</subfield></datafield><datafield ind1=" " ind2=" " tag="037"><subfield code="b">49-27 31st St., Long Island City, NY 11101</subfield></datafield><datafield ind1=" " ind2=" " tag="042"><subfield code="a">pcc</subfield></datafield><datafield ind1=" " ind2=" " tag="043"><subfield code="a">n-us-ny</subfield></datafield><datafield ind1="1" ind2="4" tag="050"><subfield code="a">F130.J3</subfield><subfield code="b">O27</subfield></datafield><datafield ind1="0" ind2="0" tag="245"><subfield code="a">OCS news.</subfield></datafield><datafield ind1="3" ind2=" " tag="246"><subfield code="a">Overseas Courier Service news</subfield></datafield><datafield ind1=" " ind2=" " tag="260"><subfield code="a">New York, N.Y. :</subfield><subfield code="b">OCS America, Inc.</subfield></datafield><datafield ind1=" " ind2=" " tag="300"><subfield code="a">31 v. :</subfield><subfield code="b">ill. ;</subfield><subfield code="c">39 cm.</subfield></datafield><datafield ind1=" " ind2=" " tag="310"><subfield code="a">Biweekly</subfield></datafield><datafield ind1="0" ind2=" " tag="362"><subfield code="a">Vol. 1, no. 1 (July 15, 1975)-v. 31 no. 749 (Mar. 25, 2005).</subfield></datafield><datafield ind1=" " ind2=" " tag="500"><subfield code="a">"Leading Japanese publication in America."</subfield></datafield><datafield ind1=" " ind2=" " tag="515"><subfield code="6">880-01</subfield><subfield code="a">Last issue called also: shu&#772;kango&#772;.</subfield></datafield><datafield ind1=" " ind2=" " tag="546"><subfield code="a">In Japanese.</subfield></datafield><datafield ind1=" " ind2="0" tag="650"><subfield code="a">Japanese newspapers</subfield><subfield code="z">New York (State)</subfield><subfield code="z">New York.</subfield></datafield><datafield ind1=" " ind2="0" tag="651"><subfield code="a">New York (N.Y.)</subfield><subfield code="v">Newspapers.</subfield></datafield><datafield ind1=" " ind2="0" tag="651"><subfield code="a">Long Island City (New York, N.Y.)</subfield><subfield code="v">Newspapers.</subfield></datafield><datafield ind1=" " ind2="0" tag="651"><subfield code="a">Queens County (N.Y.)</subfield><subfield code="v">Newspapers.</subfield></datafield><datafield ind1=" " ind2="7" tag="650"><subfield code="a">Japanese newspapers.</subfield><subfield code="2">fast</subfield><subfield code="0">(OCoLC)fst00981873</subfield></datafield><datafield ind1=" " ind2="7" tag="651"><subfield code="a">New York (State)</subfield><subfield code="z">New York.</subfield><subfield code="2">fast</subfield><subfield code="0">(OCoLC)fst01204333</subfield></datafield><datafield ind1=" " ind2="7" tag="651"><subfield code="a">New York (State)</subfield><subfield code="z">New York</subfield><subfield code="z">Long Island City.</subfield><subfield code="2">fast</subfield><subfield code="0">(OCoLC)fst01315587</subfield></datafield><datafield ind1=" " ind2="7" tag="651"><subfield code="a">New York (State)</subfield><subfield code="z">Queens County.</subfield><subfield code="2">fast</subfield><subfield code="0">(OCoLC)fst01246810</subfield></datafield><datafield ind1=" " ind2="7" tag="655"><subfield code="a">Newspapers.</subfield><subfield code="2">fast</subfield><subfield code="0">(OCoLC)fst01423814</subfield></datafield><datafield ind1="2" ind2=" " tag="710"><subfield code="a">OCS America, Inc.</subfield></datafield><datafield ind1=" " ind2=" " tag="752"><subfield code="a">United States</subfield><subfield code="b">New York</subfield><subfield code="c">New York</subfield><subfield code="d">New York.</subfield></datafield><datafield ind1="4" ind2="1" tag="856"><subfield code="u">http://www.ocsworld.com</subfield></datafield><datafield ind1=" " ind2=" " tag="880"><subfield code="6">515-01/$1</subfield><subfield code="a">Last issue called also: &#32066;&#21002;&#21495;.</subfield></datafield></record>